<record xmlns="http://www.loc.gov/MARC21/slim">
   <leader>01205com a2200301 a 4500</leader>
   <controlfield tag="001">1315694</controlfield>
   <controlfield tag="008">900827s1985    quc    a          bneng c</controlfield>
   <datafield ind1=" " ind2=" " tag="020">
      <subfield code="a">2762551765</subfield>
   </datafield>
   <datafield ind1=" " ind2=" " tag="035">
      <subfield code="a">ocm70304408</subfield>
   </datafield>
   <datafield ind1=" " ind2=" " tag="040">
      <subfield code="b">eng</subfield>
   </datafield>
   <datafield ind1=" " ind2=" " tag="049">
      <subfield code="a">AEU</subfield>
      <subfield code="b">eng</subfield>
   </datafield>
   <datafield ind1=" " ind2="3" tag="055">
      <subfield code="a">PE 1155</subfield>
      <subfield code="b">P227 1985</subfield>
   </datafield>
   <datafield ind1="0" ind2=" " tag="090">
      <subfield code="a">PE 1155 P227 1985</subfield>
   </datafield>
   <datafield ind1="1" ind2=" " tag="100">
      <subfield code="a">Paré, Roger,</subfield>
      <subfield code="d">1929-</subfield>
   </datafield>
   <datafield ind1="1" ind2="0" tag="245">
      <subfield code="a">A, b, c, play with me</subfield>
      <subfield code="h">[kit] :</subfield>
      <subfield code="b">a read 'n play learning set /</subfield>
      <subfield code="c">Roger Paré.</subfield>
   </datafield>
   <datafield ind1=" " ind2=" " tag="260">
      <subfield code="a">Montreal :</subfield>
      <subfield code="b">Heritage :</subfield>
      <subfield code="b">la courte échelle inc.,</subfield>
      <subfield code="c">c1985.</subfield>
   </datafield>
   <datafield ind1=" " ind2=" " tag="300">
      <subfield code="a">1 book, 2 picture puzzles (double-sided; 32 pieces), 2 pictures, 1 instruction leaflet ;</subfield>
      <subfield code="c">in box, 23 x 23 x 2 cm.</subfield>
   </datafield>
   <datafield ind1=" " ind2=" " tag="336">
      <subfield code="a">other</subfield>
      <subfield code="b">xxx</subfield>
      <subfield code="2">rdacontent</subfield>
   </datafield>
   <datafield ind1=" " ind2=" " tag="500">
      <subfield code="a">Title from box.</subfield>
   </datafield>
   <datafield ind1=" " ind2=" " tag="500">
      <subfield code="a">Translation of: L'alphabet.</subfield>
   </datafield>
   <datafield ind1=" " ind2=" " tag="520">
      <subfield code="a">Reading and playing activities designed to help children learn the alphabet.</subfield>
   </datafield>
   <datafield ind1=" " ind2=" " tag="521">
      <subfield code="a">For age 3 and up.</subfield>
   </datafield>
   <datafield ind1=" " ind2=" " tag="596">
      <subfield code="a">41</subfield>
   </datafield>
   <datafield ind1=" " ind2="0" tag="650">
      <subfield code="a">English language</subfield>
      <subfield code="x">Alphabet</subfield>
      <subfield code="v">Juvenile literature.</subfield>
   </datafield>
   <datafield ind1=" " ind2="0" tag="650">
      <subfield code="a">Picture puzzles</subfield>
      <subfield code="v">Juvenile literature.</subfield>
   </datafield>
   <datafield ind1=" " ind2="0" tag="650">
      <subfield code="a">Word games</subfield>
      <subfield code="v">Juvenile literature.</subfield>
   </datafield>
   <datafield ind1="0" ind2=" " tag="740">
      <subfield code="a">Read 'n play learning set.</subfield>
   </datafield>
   <datafield ind1=" " ind2=" " tag="926">
      <subfield code="a">PE 1155 P227 1985</subfield>
      <subfield code="w">LC</subfield>
      <subfield code="c">1</subfield>
      <subfield code="i">000033699026</subfield>
      <subfield code="d">4/22/2010</subfield>
      <subfield code="e">4/16/2010</subfield>
      <subfield code="l">CURR_MEDIA</subfield>
      <subfield code="m">UAEDUC</subfield>
      <subfield code="n">9</subfield>
      <subfield code="p">$150.00</subfield>
      <subfield code="r">Y</subfield>
      <subfield code="s">Y</subfield>
      <subfield code="t">MEDIA</subfield>
      <subfield code="u">8/29/1990</subfield>
   </datafield>
</record>
